%YAML 1.1
%TAG !u! tag:unity3d.com,2011:
--- !u!29 &1
OcclusionCullingSettings:
  m_ObjectHideFlags: 0
  serializedVersion: 2
  m_OcclusionBakeSettings:
    smallestOccluder: 5
    smallestHole: 0.25
    backfaceThreshold: 100
  m_SceneGUID: 00000000000000000000000000000000
  m_OcclusionCullingData: {fileID: 0}
--- !u!104 &2
RenderSettings:
  m_ObjectHideFlags: 0
  serializedVersion: 9
  m_Fog: 0
  m_FogColor: {r: 0.5, g: 0.5, b: 0.5, a: 1}
  m_FogMode: 3
  m_FogDensity: 0.01
  m_LinearFogStart: 0
  m_LinearFogEnd: 300
  m_AmbientSkyColor: {r: 0.212, g: 0.227, b: 0.259, a: 1}
  m_AmbientEquatorColor: {r: 0.114, g: 0.125, b: 0.133, a: 1}
  m_AmbientGroundColor: {r: 0.047, g: 0.043, b: 0.035, a: 1}
  m_AmbientIntensity: 1
  m_AmbientMode: 0
  m_SubtractiveShadowColor: {r: 0.42, g: 0.478, b: 0.627, a: 1}
  m_SkyboxMaterial: {fileID: 10304, guid: 0000000000000000f000000000000000, type: 0}
  m_HaloStrength: 0.5
  m_FlareStrength: 1
  m_FlareFadeSpeed: 3
  m_HaloTexture: {fileID: 0}
  m_SpotCookie: {fileID: 10001, guid: 0000000000000000e000000000000000, type: 0}
  m_DefaultReflectionMode: 0
  m_DefaultReflectionResolution: 128
  m_ReflectionBounces: 1
  m_ReflectionIntensity: 1
  m_CustomReflection: {fileID: 0}
  m_Sun: {fileID: 0}
  m_IndirectSpecularColor: {r: 0.44657868, g: 0.49641263, b: 0.57481706, a: 1}
  m_UseRadianceAmbientProbe: 0
--- !u!157 &3
LightmapSettings:
  m_ObjectHideFlags: 0
  serializedVersion: 11
  m_GIWorkflowMode: 0
  m_GISettings:
    serializedVersion: 2
    m_BounceScale: 1
    m_IndirectOutputScale: 1
    m_AlbedoBoost: 1
    m_EnvironmentLightingMode: 0
    m_EnableBakedLightmaps: 1
    m_EnableRealtimeLightmaps: 1
  m_LightmapEditorSettings:
    serializedVersion: 12
    m_Resolution: 2
    m_BakeResolution: 40
    m_AtlasSize: 1024
    m_AO: 0
    m_AOMaxDistance: 1
    m_CompAOExponent: 1
    m_CompAOExponentDirect: 0
    m_ExtractAmbientOcclusion: 0
    m_Padding: 2
    m_LightmapParameters: {fileID: 0}
    m_LightmapsBakeMode: 1
    m_TextureCompression: 1
    m_FinalGather: 0
    m_FinalGatherFiltering: 1
    m_FinalGatherRayCount: 256
    m_ReflectionCompression: 2
    m_MixedBakeMode: 2
    m_BakeBackend: 1
    m_PVRSampling: 1
    m_PVRDirectSampleCount: 32
    m_PVRSampleCount: 512
    m_PVRBounces: 2
    m_PVREnvironmentSampleCount: 256
    m_PVREnvironmentReferencePointCount: 2048
    m_PVRFilteringMode: 1
    m_PVRDenoiserTypeDirect: 1
    m_PVRDenoiserTypeIndirect: 1
    m_PVRDenoiserTypeAO: 1
    m_PVRFilterTypeDirect: 0
    m_PVRFilterTypeIndirect: 0
    m_PVRFilterTypeAO: 0
    m_PVREnvironmentMIS: 1
    m_PVRCulling: 1
    m_PVRFilteringGaussRadiusDirect: 1
    m_PVRFilteringGaussRadiusIndirect: 5
    m_PVRFilteringGaussRadiusAO: 2
    m_PVRFilteringAtrousPositionSigmaDirect: 0.5
    m_PVRFilteringAtrousPositionSigmaIndirect: 2
    m_PVRFilteringAtrousPositionSigmaAO: 1
    m_ExportTrainingData: 0
    m_TrainingDataDestination: TrainingData
  m_LightingDataAsset: {fileID: 112000000, guid: 8c50179a72ee4bf4588358709882eb86,
    type: 2}
  m_UseShadowmask: 1
--- !u!196 &4
NavMeshSettings:
  serializedVersion: 2
  m_ObjectHideFlags: 0
  m_BuildSettings:
    serializedVersion: 2
    agentTypeID: 0
    agentRadius: 0.5
    agentHeight: 2
    agentSlope: 45
    agentClimb: 0.4
    ledgeDropHeight: 0
    maxJumpAcrossDistance: 0
    minRegionArea: 2
    manualCellSize: 0
    cellSize: 0.16666667
    manualTileSize: 0
    tileSize: 256
    accuratePlacement: 0
    debug:
      m_Flags: 0
  m_NavMeshData: {fileID: 0}
--- !u!1 &344418568
GameObject:
  m_ObjectHideFlags: 0
  m_CorrespondingSourceObject: {fileID: 0}
  m_PrefabInstance: {fileID: 0}
  m_PrefabAsset: {fileID: 0}
  serializedVersion: 6
  m_Component:
  - component: {fileID: 344418571}
  - component: {fileID: 344418570}
  - component: {fileID: 344418569}
  m_Layer: 0
  m_Name: Main Camera
  m_TagString: MainCamera
  m_Icon: {fileID: 0}
  m_NavMeshLayer: 0
  m_StaticEditorFlags: 0
  m_IsActive: 1
--- !u!81 &344418569
AudioListener:
  m_ObjectHideFlags: 0
  m_CorrespondingSourceObject: {fileID: 0}
  m_PrefabInstance: {fileID: 0}
  m_PrefabAsset: {fileID: 0}
  m_GameObject: {fileID: 344418568}
  m_Enabled: 1
--- !u!20 &344418570
Camera:
  m_ObjectHideFlags: 0
  m_CorrespondingSourceObject: {fileID: 0}
  m_PrefabInstance: {fileID: 0}
  m_PrefabAsset: {fileID: 0}
  m_GameObject: {fileID: 344418568}
  m_Enabled: 1
  serializedVersion: 2
  m_ClearFlags: 2
  m_BackGroundColor: {r: 0, g: 0.90622044, b: 1, a: 0}
  m_projectionMatrixMode: 1
  m_GateFitMode: 2
  m_FOVAxisMode: 0
  m_SensorSize: {x: 36, y: 24}
  m_LensShift: {x: 0, y: 0}
  m_FocalLength: 50
  m_NormalizedViewPortRect:
    serializedVersion: 2
    x: 0
    y: 0
    width: 1
    height: 1
  near clip plane: 0.3
  far clip plane: 1000
  field of view: 60
  orthographic: 0
  orthographic size: 5
  m_Depth: -1
  m_CullingMask:
    serializedVersion: 2
    m_Bits: 4294967295
  m_RenderingPath: -1
  m_TargetTexture: {fileID: 0}
  m_TargetDisplay: 0
  m_TargetEye: 3
  m_HDR: 1
  m_AllowMSAA: 1
  m_AllowDynamicResolution: 0
  m_ForceIntoRT: 0
  m_OcclusionCulling: 1
  m_StereoConvergence: 10
  m_StereoSeparation: 0.022
--- !u!4 &344418571
Transform:
  m_ObjectHideFlags: 0
  m_CorrespondingSourceObject: {fileID: 0}
  m_PrefabInstance: {fileID: 0}
  m_PrefabAsset: {fileID: 0}
  m_GameObject: {fileID: 344418568}
  m_LocalRotation: {x: 0, y: 0, z: 0, w: 1}
  m_LocalPosition: {x: 0, y: 0, z: -5}
  m_LocalScale: {x: 1, y: 1, z: 1}
  m_Children: []
  m_Father: {fileID: 0}
  m_RootOrder: 0
  m_LocalEulerAnglesHint: {x: 0, y: 0, z: 0}
--- !u!1 &640975173
GameObject:
  m_ObjectHideFlags: 0
  m_CorrespondingSourceObject: {fileID: 0}
  m_PrefabInstance: {fileID: 0}
  m_PrefabAsset: {fileID: 0}
  serializedVersion: 6
  m_Component:
  - component: {fileID: 640975175}
  - component: {fileID: 640975174}
  m_Layer: 0
  m_Name: Directional Light
  m_TagString: Untagged
  m_Icon: {fileID: 0}
  m_NavMeshLayer: 0
  m_StaticEditorFlags: 0
  m_IsActive: 1
--- !u!108 &640975174
Light:
  m_ObjectHideFlags: 0
  m_CorrespondingSourceObject: {fileID: 0}
  m_PrefabInstance: {fileID: 0}
  m_PrefabAsset: {fileID: 0}
  m_GameObject: {fileID: 640975173}
  m_Enabled: 1
  serializedVersion: 9
  m_Type: 1
  m_Color: {r: 1, g: 1, b: 1, a: 1}
  m_Intensity: 1
  m_Range: 10
  m_SpotAngle: 30
  m_InnerSpotAngle: 21.80208
  m_CookieSize: 10
  m_Shadows:
    m_Type: 2
    m_Resolution: -1
    m_CustomResolution: -1
    m_Strength: 1
    m_Bias: 0.05
    m_NormalBias: 0.4
    m_NearPlane: 0.2
    m_CullingMatrixOverride:
      e00: 1
      e01: 0
      e02: 0
      e03: 0
      e10: 0
      e11: 1
      e12: 0
      e13: 0
      e20: 0
      e21: 0
      e22: 1
      e23: 0
      e30: 0
      e31: 0
      e32: 0
      e33: 1
    m_UseCullingMatrixOverride: 0
  m_Cookie: {fileID: 0}
  m_DrawHalo: 0
  m_Flare: {fileID: 0}
  m_RenderMode: 0
  m_CullingMask:
    serializedVersion: 2
    m_Bits: 4294967295
  m_RenderingLayerMask: 1
  m_Lightmapping: 4
  m_LightShadowCasterMode: 0
  m_AreaSize: {x: 1, y: 1}
  m_BounceIntensity: 1
  m_ColorTemperature: 6570
  m_UseColorTemperature: 0
  m_BoundingSphereOverride: {x: 0, y: 0, z: 0, w: 0}
  m_UseBoundingSphereOverride: 0
  m_ShadowRadius: 0
  m_ShadowAngle: 0
--- !u!4 &640975175
Transform:
  m_ObjectHideFlags: 0
  m_CorrespondingSourceObject: {fileID: 0}
  m_PrefabInstance: {fileID: 0}
  m_PrefabAsset: {fileID: 0}
  m_GameObject: {fileID: 640975173}
  m_LocalRotation: {x: 0.40821788, y: -0.23456968, z: 0.10938163, w: 0.8754261}
  m_LocalPosition: {x: 0, y: 3, z: 0}
  m_LocalScale: {x: 1, y: 1, z: 1}
  m_Children: []
  m_Father: {fileID: 0}
  m_RootOrder: 1
  m_LocalEulerAnglesHint: {x: 50, y: -30, z: 0}
--- !u!1 &1141361564
GameObject:
  m_ObjectHideFlags: 0
  m_CorrespondingSourceObject: {fileID: 0}
  m_PrefabInstance: {fileID: 0}
  m_PrefabAsset: {fileID: 0}
  serializedVersion: 6
  m_Component:
  - component: {fileID: 1141361565}
  m_Layer: 0
  m_Name: Maps
  m_TagString: Untagged
  m_Icon: {fileID: 0}
  m_NavMeshLayer: 0
  m_StaticEditorFlags: 0
  m_IsActive: 1
--- !u!4 &1141361565
Transform:
  m_ObjectHideFlags: 0
  m_CorrespondingSourceObject: {fileID: 0}
  m_PrefabInstance: {fileID: 0}
  m_PrefabAsset: {fileID: 0}
  m_GameObject: {fileID: 1141361564}
  m_LocalRotation: {x: 0, y: 0, z: 0, w: 1}
  m_LocalPosition: {x: 0, y: 0, z: 0}
  m_LocalScale: {x: 1, y: 1, z: 1}
  m_Children: []
  m_Father: {fileID: 0}
  m_RootOrder: 3
  m_LocalEulerAnglesHint: {x: 0, y: 0, z: 0}
--- !u!1 &1642497917
GameObject:
  m_ObjectHideFlags: 0
  m_CorrespondingSourceObject: {fileID: 0}
  m_PrefabInstance: {fileID: 0}
  m_PrefabAsset: {fileID: 0}
  serializedVersion: 6
  m_Component:
  - component: {fileID: 1642497919}
  - component: {fileID: 1642497918}
  m_Layer: 0
  m_Name: Generator
  m_TagString: Untagged
  m_Icon: {fileID: 0}
  m_NavMeshLayer: 0
  m_StaticEditorFlags: 0
  m_IsActive: 1
--- !u!114 &1642497918
MonoBehaviour:
  m_ObjectHideFlags: 0
  m_CorrespondingSourceObject: {fileID: 0}
  m_PrefabInstance: {fileID: 0}
  m_PrefabAsset: {fileID: 0}
  m_GameObject: {fileID: 1642497917}
  m_Enabled: 1
  m_EditorHideFlags: 0
  m_Script: {fileID: 11500000, guid: d538e32618b32b2419f40fde235c7996, type: 3}
  m_Name: 
  m_EditorClassIdentifier: 
  mapParent: {fileID: 1141361565}
  templatePrefab: {fileID: 4552936027505923471, guid: e33dcc98f65f6cc479e5d48b66eb1015,
    type: 3}
  scannerPrefab: {fileID: 986879971355828831, guid: d8ea573eab161d94dbee1e1ac86eb649,
    type: 3}
  endPrefab: {fileID: 6325288058755763184, guid: 4df044b9d7cae8142ad76817598af8ad,
    type: 3}
  orignalMaterial: {fileID: 2100000, guid: 0e51ed7c6e0cd2644a19067ee94fe48a, type: 2}
  viewMaterial: {fileID: 2100000, guid: 87fb24afdcee0e641a74e8f4eb2e6675, type: 2}
  emissionMaterial: {fileID: 2100000, guid: 4049ee12e56478c43b7959702716ef2f, type: 2}
  meshesLoadedList:
  - {fileID: 8786249077406208610, guid: 47e6f09acca87d743bcb6e420c4124a2, type: 3}
  - {fileID: 8786249077406208610, guid: 6d9c3f5952d13a14bb56fd419389aa51, type: 3}
  - {fileID: 8786249077406208610, guid: ec3dd4ddfeb6908469e5d1e62a3026cf, type: 3}
  - {fileID: 8786249077406208610, guid: 9efe78c69fa85e5418104d3545956fe2, type: 3}
  - {fileID: 8786249077406208610, guid: 0b4a3a8fdf08f544a80cb1749c7e3689, type: 3}
  - {fileID: 8786249077406208610, guid: c0f5985a42ef8d340a373293683fc8a5, type: 3}
  - {fileID: 8786249077406208610, guid: 29b736e5077e51d4b8fe7c2acafc698d, type: 3}
  - {fileID: 8786249077406208610, guid: 1ed0419ca30bafe4799755481e1ce6f3, type: 3}
  - {fileID: 8786249077406208610, guid: 785a84276d0f55c4b86d73cbb4c38e69, type: 3}
  - {fileID: 8786249077406208610, guid: 853564be59dae76478fc99d336944687, type: 3}
  - {fileID: 8786249077406208610, guid: a6ce6b04a45c70e428b8faf7676c4d36, type: 3}
  - {fileID: 8786249077406208610, guid: 03068d674cdc11540ab6b073e5f49b4c, type: 3}
  - {fileID: 8786249077406208610, guid: ee8eceafeafdf2a4da107b0d77b46587, type: 3}
  - {fileID: 8786249077406208610, guid: ff4d370d517ad7f4eb30a8cf57e70a12, type: 3}
  - {fileID: 8786249077406208610, guid: 804bd11ca91e8654487a04d712be6dcd, type: 3}
  - {fileID: 8786249077406208610, guid: 9faeeb92eede71a4481a2fa493ba73da, type: 3}
  - {fileID: 8786249077406208610, guid: 0eff33722fcf0f641a16ec783cecc27b, type: 3}
  - {fileID: 8786249077406208610, guid: bfbce4b7b760dc94c8dd6f8ad746f193, type: 3}
  - {fileID: 8786249077406208610, guid: d104432e468238e4f88cac186474438a, type: 3}
  - {fileID: 8786249077406208610, guid: 4d20226effa178b45a603cdbd60e939d, type: 3}
  - {fileID: 8786249077406208610, guid: 94d0f2ee1e127fc458756d1327c6c014, type: 3}
  - {fileID: 8786249077406208610, guid: 2f1931dba9b2cce4883b6325d5b73fcd, type: 3}
  - {fileID: 8786249077406208610, guid: d825e4986ed011242aa6e34542d6da80, type: 3}
  - {fileID: 8786249077406208610, guid: 80b053370c5bb6549b3630cf58c0e4a6, type: 3}
  - {fileID: 8786249077406208610, guid: 908567cdcde0a8d48b6498257f5b9e9d, type: 3}
  - {fileID: 8786249077406208610, guid: 92c0c794e1ee2a64598a5fc753833969, type: 3}
  - {fileID: 8786249077406208610, guid: 37d744b2db164f84baabb3f6c6016d0c, type: 3}
  - {fileID: 8786249077406208610, guid: 36d0f6b8c9f4fe54f8f75e792d031dac, type: 3}
  - {fileID: 8786249077406208610, guid: d972c75a1208da545b6a0b97f738a563, type: 3}
  - {fileID: 8786249077406208610, guid: cf83ed0444f20ac48bc5705adaca6e30, type: 3}
  - {fileID: 8786249077406208610, guid: 18df5a9e83ec2c846b498adda3cfad3e, type: 3}
  - {fileID: 5745096229163727084, guid: f78d44ebe34cbe648a6ad94e76ed94a9, type: 3}
  - {fileID: 5745096229163727084, guid: 835ad312a3d2db0408ff134912c792a8, type: 3}
  - {fileID: 5745096229163727084, guid: 9031dac489b8e1047816c70c815573a0, type: 3}
  - {fileID: 6142604313935279709, guid: 6a9ad3911fe07c2418934d0466c60224, type: 3}
  - {fileID: -6289053029176179584, guid: 14d6f7723201e134ca38ca2f9c98417c, type: 3}
  - {fileID: 5333142560286053249, guid: 5d03e117ac0d2744286d9e09b276cce6, type: 3}
  - {fileID: 8786249077406208610, guid: 6248962da178c954fab2997fd3d855fe, type: 3}
  - {fileID: -5024730745064359820, guid: 349ce5aae9eeab2488c5102ec50ca391, type: 3}
  - {fileID: 491197264417212519, guid: 1297289611be0494387ef4caf08b6df8, type: 3}
  - {fileID: 943933282181847255, guid: 31da71b712639794eb62800f20626b42, type: 3}
  - {fileID: 2891473289657839493, guid: b65e006353ee6c740abf2e7d99843616, type: 3}
  - {fileID: -7593072918455826356, guid: 2941ec4fb2563ad48b512c9a883bab8b, type: 3}
  - {fileID: 8786249077406208610, guid: 0d30ac2c77a59fd4baca3725ee0afd09, type: 3}
  - {fileID: 3437962889239516075, guid: bf10a50420b3f964490f90417eabcec2, type: 3}
  - {fileID: 850732329407620544, guid: 95c9917d6195e3b438efa0a5913952e5, type: 3}
  - {fileID: 911333408610731128, guid: 38f29e8d1c9fb8f4aba100d3606b18ee, type: 3}
  - {fileID: 9058763190730103079, guid: db4de797b7cfbf748bb65984c3fb2464, type: 3}
  - {fileID: -7969338986337888811, guid: 495b22a1d59eb7e469287a6d2d348d66, type: 3}
  - {fileID: -7237175657760546987, guid: 1a5bac0252fd0b14b95d21752701373f, type: 3}
  - {fileID: -5109506823116505416, guid: d1c7d15ed4b349341bdae26293379e3d, type: 3}
  - {fileID: -3728410484873764862, guid: b8209a6e77e08f24db19425b7065476b, type: 3}
  - {fileID: 8786249077406208610, guid: a95587f47733f9d45bc3e5e3d2a7b592, type: 3}
  - {fileID: 8786249077406208610, guid: e891b03dedc45a641bcac66dde42a59e, type: 3}
  - {fileID: 8786249077406208610, guid: 7c4b114751467f247b85b75e45e94cc9, type: 3}
  - {fileID: 8786249077406208610, guid: 1429438879d7c084397dd24b14a7e217, type: 3}
  - {fileID: 8786249077406208610, guid: d5e8be0bc8099d34ab8be40375e35322, type: 3}
  - {fileID: 8786249077406208610, guid: b7b9c2372a1956b40a09f5a4766f3946, type: 3}
  - {fileID: 8786249077406208610, guid: 030236d7856472746b06315ed0b3b66b, type: 3}
  - {fileID: 8786249077406208610, guid: 66fa8bd696dffdd4e9bc478353459461, type: 3}
  - {fileID: 8786249077406208610, guid: e39e06564568e4b4bb0c87ecc3d9df04, type: 3}
  - {fileID: 8786249077406208610, guid: 2d3630b89ff454441a8067fdb70729fd, type: 3}
  - {fileID: 8786249077406208610, guid: aa29486e7cf73254399a110c79e8fe06, type: 3}
  - {fileID: 8786249077406208610, guid: 17ef06b5c9313bc4cbf6fb5037d085e6, type: 3}
  - {fileID: 8786249077406208610, guid: 51dab05cf900f98449d26b2aa80f2368, type: 3}
  - {fileID: 8786249077406208610, guid: 7a1ea93825e06cd41bbfc0bc602484b4, type: 3}
  - {fileID: 8786249077406208610, guid: c3750c3b4af3cf7478b9b9c16aa1eb27, type: 3}
  - {fileID: 8786249077406208610, guid: ff0d064877c05c24c8850ab20140cecc, type: 3}
  - {fileID: 8786249077406208610, guid: 0e67ef7e2acf22044996fca13c2cff96, type: 3}
  - {fileID: 8786249077406208610, guid: 8f5a3681cea9dcb47bb9bd4c58334a90, type: 3}
  - {fileID: 8786249077406208610, guid: 9a61b627101101a44893be976d78d643, type: 3}
  - {fileID: 8786249077406208610, guid: 5ce014c8cfed5274997227408a986205, type: 3}
  - {fileID: 8786249077406208610, guid: 8b1128c9daf97a04391628ed2b36ff22, type: 3}
  - {fileID: 8786249077406208610, guid: dd2a6740642d8ca4b840e91821307df8, type: 3}
  - {fileID: 8786249077406208610, guid: 254618845534e29468fc99b996a5a71c, type: 3}
  - {fileID: 8786249077406208610, guid: 0c405103269926c41b798ebb5adef795, type: 3}
  - {fileID: 8786249077406208610, guid: 70ff5f77883c4904d830bb71d123fc35, type: 3}
  - {fileID: 8786249077406208610, guid: a376cfb30cc0a6f4b9a6fa81001d70d5, type: 3}
  - {fileID: 8786249077406208610, guid: 0616f4fa9fb352e41a360cbdcea1f6ff, type: 3}
  - {fileID: 8786249077406208610, guid: acc018d7c3aa07f429f2ae96069f13a2, type: 3}
  - {fileID: 8786249077406208610, guid: 74812c504858d4e4cb27c21c610c731e, type: 3}
  - {fileID: 8786249077406208610, guid: fed2f18af84a05f47910a8159d7bf056, type: 3}
  - {fileID: 8786249077406208610, guid: cf3a5c49d71270440a2eebe990a28227, type: 3}
  - {fileID: 8786249077406208610, guid: 101d6a305c07f884fbf4ccb14d82faac, type: 3}
  - {fileID: 8786249077406208610, guid: 5a591d1a485c4b2408ffe4331b2e72c8, type: 3}
  - {fileID: 8786249077406208610, guid: fe16079212e843a4eb19c2968d554808, type: 3}
  - {fileID: 8786249077406208610, guid: 09ae1b02e8a72e34d94e353fce9043d0, type: 3}
  - {fileID: 8786249077406208610, guid: 06030e261c8e8de4a947bf32ec9da465, type: 3}
  - {fileID: 8786249077406208610, guid: e8c8f75ceb4349345b94b77c87b5107e, type: 3}
  - {fileID: 8786249077406208610, guid: 3a77a832d02f7e64cb3a6a16dbbf37d8, type: 3}
  - {fileID: 8786249077406208610, guid: 4deeff88e1ce18644a3afcc67b19f991, type: 3}
  - {fileID: 8786249077406208610, guid: 97c4501b255a75e49b1fb640ae38f9a7, type: 3}
  - {fileID: 8786249077406208610, guid: 26d9474583165dc44a8783449c602aa7, type: 3}
  - {fileID: 8786249077406208610, guid: e09ab254d19353f488c5946abac901a0, type: 3}
  - {fileID: 8786249077406208610, guid: fa59ed5f704957f46b0ab63fd8b1839d, type: 3}
  - {fileID: 8786249077406208610, guid: d02836b334c005a4bb990e923d15a572, type: 3}
  - {fileID: 8786249077406208610, guid: cd79b697ce3deef45ac0022d36a0ff50, type: 3}
  - {fileID: 8786249077406208610, guid: 3afa754dd84ca354c94e60199d16e71d, type: 3}
  - {fileID: 8786249077406208610, guid: 6d72e6e23714839488bcc177b55063f0, type: 3}
  - {fileID: 8786249077406208610, guid: 34469d4b8fe593c48a5aec4eb6dfdf7a, type: 3}
  - {fileID: 8786249077406208610, guid: 83319090620379145a3c90e0738b6bfc, type: 3}
  - {fileID: 8786249077406208610, guid: 23843a3ba0ba8b048a37da86b111a61f, type: 3}
  - {fileID: 8786249077406208610, guid: 4afe5d5ea5939934b9c136bc3cd472a6, type: 3}
  - {fileID: 8786249077406208610, guid: c35745182e9a166468a9a31fa2f91bae, type: 3}
  - {fileID: 8786249077406208610, guid: 1fe788c64dc792540b271bbf39d8ef01, type: 3}
  - {fileID: 8786249077406208610, guid: bf5f807dc102efc4ba4ee0c73e8f0827, type: 3}
  - {fileID: 8786249077406208610, guid: 874f461649dfd474bb8de5a68223f8aa, type: 3}
  - {fileID: 8786249077406208610, guid: 9041da1cc1cc0614aa3013a581e71ee6, type: 3}
  - {fileID: 8786249077406208610, guid: bf705ca72a84c6948b5c5c0b46e67c21, type: 3}
  - {fileID: 8786249077406208610, guid: b0d24d2f33677394297dd250a14dabc3, type: 3}
  - {fileID: 8786249077406208610, guid: f12dfa7b49a6b4741800f43ddb0afcbf, type: 3}
  - {fileID: 8786249077406208610, guid: 3780d9371afd94543acead13074002aa, type: 3}
  - {fileID: 8786249077406208610, guid: edab0dfcf237f2f41aa944f4019b46c7, type: 3}
  - {fileID: 8786249077406208610, guid: 3bc8fbe1aed28b549acc9c5f528bcd82, type: 3}
  - {fileID: 8786249077406208610, guid: 9f7712251696e4c4b856f96bc36045a0, type: 3}
  - {fileID: 8786249077406208610, guid: ed3c9f40467792e468e0787067a70766, type: 3}
  - {fileID: 8786249077406208610, guid: adfb2cfe3b32d7e48b0717901d4ed330, type: 3}
  - {fileID: 8786249077406208610, guid: 6a63ea78dda78dd44a45df56187e0dd5, type: 3}
  - {fileID: 8786249077406208610, guid: 44dfb45a3025b8041997ca1dc15a8f2c, type: 3}
  - {fileID: 8786249077406208610, guid: cd3d02a8094b9604bb1c34709d9fef86, type: 3}
  - {fileID: 8786249077406208610, guid: 99229b491d0cf474c82457caf87fe40f, type: 3}
  - {fileID: 8786249077406208610, guid: 510264856170a754c92b583d0d1da2ed, type: 3}
  - {fileID: 8786249077406208610, guid: c13153f7f62f0ba4097f5db5fdfd3a38, type: 3}
  - {fileID: 8786249077406208610, guid: 7fdbcb275eba7c9419e3e2e983172058, type: 3}
  - {fileID: 8786249077406208610, guid: 7efae42b07b4ef54d9d709e3d7a37412, type: 3}
  - {fileID: 8786249077406208610, guid: a3abf745d5fe5b4439cc2701cccc5fdc, type: 3}
  - {fileID: 8786249077406208610, guid: 74783c67270df68419d3112f72282302, type: 3}
  - {fileID: 8786249077406208610, guid: 97e71c9b0ab4a444eb4431ac3d8825b7, type: 3}
  - {fileID: 8786249077406208610, guid: 7a9e43d23c9db054291a50de55f3655e, type: 3}
  - {fileID: 8786249077406208610, guid: 28cb8323260bd424aa848f7c78c0a409, type: 3}
  - {fileID: 8786249077406208610, guid: a60e53b5090530c408444dfa43e87a1b, type: 3}
  - {fileID: 8786249077406208610, guid: 10a680e3ea6531445943cc5630c97e14, type: 3}
  - {fileID: 8786249077406208610, guid: 1174e67fb8c40854ebaf779fbecaf555, type: 3}
  - {fileID: 8786249077406208610, guid: 221dd76dbb3bd6f48aa1ce2b96e6084d, type: 3}
  - {fileID: 8786249077406208610, guid: edb0b8568887dc642a9f6118a094588d, type: 3}
  - {fileID: 8786249077406208610, guid: 8658922a59fa72849bbf76c662a77dc0, type: 3}
  - {fileID: 8786249077406208610, guid: 3ce6e529ec297364d9c6b4ac836f5496, type: 3}
--- !u!4 &1642497919
Transform:
  m_ObjectHideFlags: 0
  m_CorrespondingSourceObject: {fileID: 0}
  m_PrefabInstance: {fileID: 0}
  m_PrefabAsset: {fileID: 0}
  m_GameObject: {fileID: 1642497917}
  m_LocalRotation: {x: 0, y: 0, z: 0, w: 1}
  m_LocalPosition: {x: 0, y: 0, z: 0}
  m_LocalScale: {x: 1, y: 1, z: 1}
  m_Children: []
  m_Father: {fileID: 0}
  m_RootOrder: 2
  m_LocalEulerAnglesHint: {x: 0, y: 0, z: 0}
